@online{ardupilot_checklist,
    title = {Pre-Flight Checklist - Ardupilot},
    url = {http://ardupilot.org/copter/docs/checklist.html},
    keywords = {ardupilot}
}

@online{emlid_rpi_config,
    title = {Raspberry Pi configuration - Emlid},
    url = {https://docs.emlid.com/navio2/common/ardupilot/configuring-raspberry-pi/},
    keywords = {emlid, rpi}
}

@online{emlid_greeting,
    title = {Greeting - Emlid},
    url = {https://docs.emlid.com/navio2/common/ardupilot/installation-and-running/#greeting},
    keywords = {emlid}
}

@online{qgc_setup,
    title = {Setup - QGroundControl},
    url = {https://docs.qgroundcontrol.com/en/SetupView/SetupView.html},
    keywords = {qgc}
}

@online{qgc_install,
    title = {Installation - QGroundControl},
    url = {https://docs.qgroundcontrol.com/en/getting_started/download_and_install.html#ubuntu},
    keywords = {qgc}
}

@online{drone_software_projects,
    title = {Open Source Drone Software Projects},
    url = {https://dojofordrones.com/open-source-drone/},
    keywords = {design}
}

@online{drone_flight_controllers,
    title = {Selecting a Drone Flight Controller},
    url = {https://dojofordrones.com/drone-flight-controller/},
    keywords = {design}
}

@online{github_roscopter,
    title = {ROScopter - Github},
    url = {https://github.com/byu-magicc/roscopter/},
    keywords = {rosflight}
}

@online{github_rosflight_98,
    title = {Sent pwm from onboard computer - ROSflight - Github},
    url = {https://github.com/rosflight/rosflight/issues/98},
    keywords = {question, rosflight}
}

@online{github_ardupilot_11859,
    title = {Direct control of drone motor speed through mavlink - ArduPilot - Github},
    url = {https://github.com/ArduPilot/ardupilot/issues/11859},
    keywords = {question, ardupilot}
}

@online{github_px4_10863,
    title = {Direct Motor Control Access - PX4 - Github},
    url = {https://github.com/PX4/Firmware/pull/10863},
    keywords = {question, px4}
}

@online{px4_low_level_control,
    title = {Low level quadcopter control on companion computer - PX4},
    url = {https://discuss.px4.io/t/low-level-quadcopter-control-on-companion-computer/12081},
    keywords = {question, px4}
}

@online{ros_wiki_vicon_bridge,
    title = {vicon\_bridge - ROS Wiki},
    url = {http://wiki.ros.org/vicon_bridge},
    keywords = {vicon, ros}
}

@online{github_usc_actlab,
    title = {USC-ACTLab - Github},
    url = {https://github.com/USC-ACTLab},
    keywords = {other}
}

@online{stackoverflow_multi_machine,
    title = {How to run multiple roscore/master in multiple machine?},
    url = {https://stackoverflow.com/questions/35467009/how-to-run-multiple-roscore-master-in-multiple-machine},
    keywords = {ros}
}

@online{ros_wiki_ng_drones,
    title = {ng\_drones - ROS Wiki},
    url = {http://wiki.ros.org/ng_drones},
    keywords = {ros}
}

@online{px4,
    title = {PX4},
    url = {https://px4.io/},
    keywords = {px4}
}

@online{ardupilot_multi_vehicle,
    title = {Multi-Vehicle Flying - ArduCopter},
    url = {http://ardupilot.org/copter/docs/common-multi-vehicle-flying.html},
    keywords = {ardupilot}
}

@online{px4_multi_vehicle,
    title = {Connect Multiple Drones with ground computer over wifi - PX4},
    url = {https://discuss.px4.io/t/connect-multiple-drones-with-ground-computer-over-wifi/5904/2},
    keywords = {px4}
}

@online{github_rosflight_100,
    title = {Can rosflight fly a swarm of drone? - ROSflight - Github},
    url = {https://github.com/rosflight/rosflight/issues/100},
    keywords = {question, rosflight}
}

@online{px4_ros2,
    title = {Using ROS2 in a quadcopter swarm project - PX4},
    url = {https://discuss.px4.io/t/using-ros2-in-a-quadcopter-swarm-project/12055},
    keywords = {question, px4, ros}
}

@online{rosflight_parameters,
    title = {Description of all Parameters},
    url = {https://docs.rosflight.org/user-guide/parameter-configuration/#description-of-all-parameters},
    keywords = {rosflight}
}

@online{ardupilot_serial_parameters,
    title = {SERIAL2\_BAUD: Telemetry 2 Baud Rate - Complete Parameter List - ArduCopter},
    url = {http://ardupilot.org/copter/docs/parameters.html#serial2-baud-telemetry-2-baud-rate},
    keywords = {ardupilot}
}

@online{px4_serial_parameters,
    title = {SER\_TEL2\_BAUD - Full Parameter Reference - PX4},
    url = {https://docs.px4.io/v1.9.0/en/advanced_config/parameter_reference.html#SER_TEL2_BAUD},
    keywords = {px4}
}

@online{jetsonhacks_serial,
    title = {Serial Console - NVIDIA Jetson TX2 - JetsonHacks},
    url = {https://www.jetsonhacks.com/2017/03/24/serial-console-nvidia-jetson-tx2/},
    keywords = {jetson}
}

@online{rpi_stackexchange_serial,
    title = {How can I set the UART speed - Raspberry Pi Stack Exchange},
    url = {https://raspberrypi.stackexchange.com/questions/1094/how-can-i-set-the-uart-speed},
    keywords = {rpi}
}

@online{bangood_revo,
    title = {OpenPilot CC3D Revolution - Bangood},
    url = {https://www.banggood.com/OpenPilot-CC3D-Revolution-Revo-10DOF-STM32F4-Flight-Controller-Staight-Pin-p-1000068.html?rmmds=search&cur_warehouse=CN},
    keywords = {store}
}

@online{ardupilot_choose_fc,
    title = {Choosing a Flight Controller - ArduCopter},
    url = {http://ardupilot.org/copter/docs/common-choosing-a-flight-controller.html},
    keywords = {ardupilot}
}

@online{mrobotics_pixracer,
    title = {mRo PixRacer R15 - mRobotics},
    url = {https://store.mrobotics.io/mRo-PixRacer-R15-Official-p/auav-pxrcr-r15-mr.htm},
    keywords = {store}
}

@online{ardupilot_rpi_compatibility,
    title = {Is the new Raspberry Pi 4 compatible with ArduPilot? - ArduCopter},
    url = {https://discuss.ardupilot.org/t/is-the-new-raspberry-pi-4-compatible-with-ardupilot/44956},
    keywords = {question, ardupilot, rpi}
}

@online{emlid_pwm_frequency,
    title = {Navio2 PWM Output Frequency Limit},
    url = {https://community.emlid.com/t/navio2-pwm-output-frequency-limit/1934/8},
    keywords = {question, emlid}
}

@online{dojofordrones_rpi_drone,
    title = {Raspberry Pi Drone | A Complete Drone Kit - Drone Dojo},
    url = {https://dojofordrones.com/raspberry-pi-drone/},
    keywords = {design, rpi}
}

@online{emlid_servo_control,
    title = {Controlling Servos via Raspberry + Navio 2},
    url = {https://community.emlid.com/t/controlling-servos-via-raspberry-navio-2/6670},
    keywords = {emlid}
}

@online{reddit_firmware_ros,
    title = {List of flight controller which are ROS compatible - Reddit},
    url = {https://www.reddit.com/r/robotics/comments/aou4lw/list_of_flight_controller_which_are_ros_compatible/},
    keywords = {ros}
}

@online{reddit_swarm_ros,
    title = {Using ROS/ROSflight for a swarm project - Reddit},
    url = {https://www.reddit.com/r/diydrones/comments/bzjcf2/using_rosrosflight_for_a_swarm_project/},
    keywords = {ros, rosflight}
}

@online{hackaday_navio,
    title = {My first copter build with RPi2 and Emlid Navio2 - Hackaday},
    url = {https://hackaday.io/project/16352-my-first-copter-build-with-rpi2-and-emlid-navio2},
    keywords = {emlid, rpi}
}

@online{instructables_navio,
    title = {Step-by-step Guidance to Build a Drone From Scratch Using Ardupilot APM Navio2 Flight Controller - Instructables},
    url = {https://www.instructables.com/id/Step-by-step-Guidance-to-Build-a-Drone-From-Scratc/},
    keywords = {emlid}
}

@online{bangood_f2_mito,
    title = {F2 Mito GS Carbon Fiber 195/220/250/275mm Freestyle Stretch X Frame Kit for RC FPV Racing Drone - 275mm - Bangood},
    url = {https://www.banggood.com/F2-Mito-GS-Carbon-Fiber-195220250275mm-Freestyle-Stretch-X-Frame-Kit-for-RC-FPV-Racing-Drone-p-1319168.html?rmmds=search&ID=532758&cur_warehouse=CN},
    keywords = {store}
}

@online{bangood_propeller,
    title = {2pcs WSX-5030 5×3 Inch ABS Propeller White CW/CCW for RC Drone FPV Racing Multirotors - Bangood},
    url = {https://www.banggood.com/2pcs-WSX-5030-53-Inch-ABS-Propeller-White-CWCCW-for-RC-Drone-FPV-Racing-Multirotors-p-1387499.html?rmmds=search&cur_warehouse=CN},
    keywords = {store}
}

@online{bangood_motor,
    title = {Emax RS2205-2300 2205 2300KV Racing Edition CW/CCW Brushless Motor for RC Drone FPV Racing - clockwise - Bangood},
    url = {https://www.banggood.com/Emax-RS2205-2300-2205-2300KV-Racing-Edition-CWCCW-Brushless-Motor-for-RC-Drone-FPV-Racing-p-1028793.html?rmmds=search&ID=49005&cur_warehouse=GWTR},
    keywords = {store}
}

@online{bangood_esc,
    title = {EMAX BLHeli Series 6A 12A 20A 30A ESC for RC Drone FPV Racing Multi Rotor - 20A - Bangood},
    url = {https://www.banggood.com/EMAX-BLHeli-Series-6A-12A-20A-30A-ESC-p-963634.html?rmmds=search&ID=45170&cur_warehouse=CN},
    keywords = {store}
}

@online{bangood_zip_ties,
    title = {Suleve™ ZT02 1000pcs 3x100mm Black / White Nylon Cable Tie Zip Ties - Black - Bangood},
    url = {https://www.banggood.com/1000pcs-3x100mm-Black-White-Nylon-Cable-Ties-Zip-Ties-p-957232.html?rmmds=search&ID=224&cur_warehouse=CN},
    keywords = {store}
}

@online{bangood_battery,
    title = {ZOP Power 11.1V 1500mAh 40C 3S Lipo Battery XT60 Plug - Bangood},
    url = {https://www.banggood.com/ZOP-Power-11_1V-1500mAh-40C-3S-Lipo-Battery-XT60-Plug-p-1085894.html?rmmds=search&cur_warehouse=CN},
    keywords = {store}
}

@online{bangood_battery_strap,
    title = {10PCS 26cm Eachine Lipo Battery Tie Down Strap - Black - Bangood},
    url = {https://www.banggood.com/10PCS-26cm-Eachine-Lipo-Battery-Tie-Down-Strap-p-1137622.html?rmmds=search&ID=224&cur_warehouse=CN},
    keywords = {store}
}

@online{bangood_pdb,
    title = {Matek Mini Power Hub Power Distribution Board PDB With BEC 5V And 12V for RC Drone FPV Racing - Bangood},
    url = {https://www.banggood.com/Matek-Mini-Power-Hub-Power-Distribution-Board-With-BEC-5V-And-12V-For-FPV-Multicopter-p-1005549.html?rmmds=search&cur_warehouse=CN},
    keywords = {store}
}

@online{bangood_xt60_cable,
    title = {AMASS XT60+ Plug Connector 14AWG 10cm Power Cable Wire - male - Bangood},
    url = {https://www.banggood.com/AMASS-XT60-Plug-Connector-14AWG-10cm-Power-Cable-Wire-p-1060098.html?rmmds=search&ID=519156&cur_warehouse=CN},
    keywords = {store}
}

@online{bangood_receiver,
    title = {Flysky 2.4G 6CH FS-iA6B Receiver PPM Output With iBus Port - Bangood},
    url = {https://www.banggood.com/Flysky-2_4G-6CH-FS-iA6B-Receiver-PPM-Output-With-iBus-Port-p-978603.html?rmmds=detail-left-hotproducts__6&cur_warehouse=CN},
    keywords = {store}
}

@online{bangood_dupont_cable,
    title = {40pcs 10cm Female To Female Jumper Cable Dupont Wire For Arduino - Bangood},
    url = {https://www.banggood.com/40pcs-10cm-Female-To-Female-Jumper-Cable-Dupont-Wire-For-Arduino-p-994059.html?rmmds=search&cur_warehouse=CN},
    keywords = {store}
}

@online{bangood_standoff,
    title = {4 PCS Realacc M3*7+4.5 Flight Controller Anti-Vibration Fixed Screws for RC Drone FPV Racing - Bangood},
    url = {https://www.banggood.com/4-PCS-Realacc-M376-Flight-Controller-Fixed-Screws-for-FPV-Racer-p-1135527.html?rmmds=search&cur_warehouse=CN},
    keywords = {store}
}

@online{bangood_xt60_connector,
    title = {RJXHOBBY Fatshark ImmersionRC Goggles Battery Adapter for Lipo XT60 FPV RC Dominator - Bangood},
    url = {https://www.banggood.com/RJXHOBBY-Fatshark-ImmersionRC-Goggles-Battery-Adapter-for-3S-Lipo-XT60-FPV-RC-Dominator-p-1311798.html?rmmds=search&cur_warehouse=CN},
    keywords = {store}
}

@online{bangood_battery_monitor,
    title = {BX100 Battery Voltage Tester Meter Low Voltage Alarm Buzzer For 1~8S Lipo Battery - Bangood},
    url = {https://www.banggood.com/BX100-Battery-Voltage-Tester-Meter-Low-Voltage-Alarm-Buzzer-For-18S-Lipo-Battery-p-1070002.html?rmmds=search&cur_warehouse=CN},
    keywords = {store}
}

@online{bangood_transmitter,
    title = {Flysky i6X FS-i6X 2.4GHz 10CH AFHDS 2A RC Transmitter With X6B/IA6B/A8S Receiver for FPV RC Drone - Mode 2 (Left Hand Throttle) i6X+iA6B - Bangood},
    url = {https://www.banggood.com/Flysky-FS-i6X-2_4GHz-10CH-AFHDS-2A-RC-Transmitter-With-X6B-i-BUS-Receiver-p-1090406.html?rmmds=search&ID=42482530816&cur_warehouse=CN},
    keywords = {store}
}

@online{bangood_battery_charger,
    title = {Charsoon DC-4S 2-4S Li-poly/Li-ion Battery Balance Charger \& Voltage Detector with Power Adapter for RC Drone - Pink - Bangood},
    url = {https://www.banggood.com/Charsoon-DC-4S-2-4S-Li-polyLi-ion-Battery-Balance-Charger-Voltage-Detector-with-Power-Adapter-for-RC-Drone-p-1081892.html?rmmds=search&ID=225&cur_warehouse=GWTR},
    keywords = {store}
}

@online{bangood_prop_balancer,
    title = {Magnetic Propeller Prop Balancer Carbon Fiber for Quadcopter - Bangood},
    url = {https://www.banggood.com/Magnetic-Propeller-Prop-Balancer-Carbon-Fiber-for-Quadcopter-p-971486.html?rmmds=search&cur_warehouse=CN},
    keywords = {store}
}

@online{bangood_f330,
    title = {F330 4-Axis RC Quadcopter Frame Kit RC Drone Support KK MK MWC - Black + White - Bangood},
    url = {https://www.banggood.com/DJI-F330-4-Axis-RC-Quadcopter-Frame-Kit-Support-KK-MK-MWC-p-943370.html?gmcCountry=US&currency=USD&createTmp=1&utm_source=googleshopping&utm_medium=cpc_bgs&utm_content=frank&utm_campaign=pla-ods-us-bf&creative=314419952290&gclid=Cj0KCQjwyLDpBRCxARIsAEENsrJkz1Plxx9OqIIun7u7RmA0EO342IFgv3ZYioi9JPurbtGRCoIHs4YaAqZDEALw_wcB&ID=49335&cur_warehouse=CN},
    keywords = {store}
}

@online{google_sheets_motor,
    title = {Emax RS2205 2300kv - Google Sheets},
    url = {https://docs.google.com/spreadsheets/d/1wYKeC-jX5o2-x3tqKZPkuHw57DTeBFgwrXBICZvTJ1o/edit#gid=1127877024},
    keywords = {other}
}

@online{emlid_navio2,
    title = {Navio2 - Emlid Store},
    url = {https://store.emlid.com/product/navio2/},
    keywords = {store, emlid}
}

@online{emlid_power_module,
    title = {Navio2 power module - Emlid Store},
    url = {https://store.emlid.com/product/power-module/},
    keywords = {store, emlid}
}

@online{emlid_rpi_compatibility,
    title = {Hardware compatibility between Navio2 and Raspberry Pi 4 - Emlid},
    url = {https://community.emlid.com/t/hardware-compatibility-between-navio2-and-raspberry-pi-4/15344/3},
    keywords = {question, emlid, rpi}
}

@online{amazon_kyosho,
    title = {ANTI-VIBRATION GEL ADHESIF ZEAL (5MM) KYOSHO K.Z8006 - Amazon},
    url = {https://www.amazon.fr/ANTI-VIBRATION-ADHESIF-ZEAL-KYOSHO-K-Z8006/dp/B002U2GS2K},
    keywords = {store}
}

@online{amazon_panda_wifi_module,
    title = {Panda 300Mbps Wireless N USB Adapter - Windows Vista/7/8/8.1/10, Mint, Ubuntu, Fedora, openSUSE, CentOS, Lubuntu, Zorin, Kali Linux and Raspbian Wheezy - Amazon},
    url = {https://www.amazon.com/Panda-300Mbps-Wireless-USB-Adapter/dp/B00EQT0YK2/ref=sr_1_8?keywords=usb+wifi+adapter+300mbps&qid=1563973557&s=gateway&sr=8-8},
    keywords = {store}
}

@online{rpi_products,
    title = {Products - Raspberry Pi Store},
    url = {https://www.raspberrypi.org/products/},
    keywords = {store, rpi}
}

@online{bangood_racerstar,
    title = {Racerstar RS20A 20A BLHELI\_S OPTO 2-4S ESC Support Dshot150 Dshot300 for RC Racing Drone - Bangood},
    url = {https://www.banggood.com/Racerstar-RS20A-20A-BLHELI_S-OPTO-2-4S-ESC-Support-Oneshot42-Multishot-for-FPV-Racing-p-1063904.html?rmmds=search&cur_warehouse=CN},
    keywords = {store}
}

@online{bangood_propeller_3_blade,
    title = {Tarot 5030 Propellers 3-blade CW CCW ABS Plastic For 200 250 Quadcopter MT1806 TL300E6 RC Drone FPV Racing - White - Bangood},
    url = {https://www.banggood.com/Tarot-5045-Propellers-3-blade-New-Type-CW-CCW-For-200-250-Quadcopter-MT1806-TL300E6-p-992312.html?rmmds=search&ID=233&cur_warehouse=CN},
    keywords = {store}
}

@online{bangood_bullet_banana_connector,
    title = {20 Pairs 3.5mm Gold Bullet Banana Connector Plug Male \& Female For ESC Battery Motor - Bangood},
    url = {https://www.banggood.com/20-Pairs-3_5mm-Gold-Bullet-Banana-Connector-Plug-Male-Female-For-ESC-Battery-Motor-p-934281.html?rmmds=search&cur_warehouse=CN},
    keywords = {store}
}

@online{emlid_ardupilot_installation,
    title = {Installation and running - ArduPilot - Emlid},
    url = {https://docs.emlid.com/navio2/common/ardupilot/installation-and-running/},
    keywords = {emlid, ardupilot}
}

@online{emlid_hardware_setup,
    title = {Hardware setup - Navio2 - Emlid},
    url = {https://docs.emlid.com/navio2/ardupilot/hardware-setup/},
    keywords = {emlid}
}

@online{udemy_build_course,
    title = {Build a Linux Based Raspberry Pi Drone},
    url = {https://www.udemy.com/how-to-build-a-drone/},
    keywords = {rpi, design}
}

@online{wikipedia_env_var,
    title = {Environment variable - Wikipedia},
    url = {https://en.wikipedia.org/wiki/Environment_variable},
    keywords = {linux}
}

@online{ros_env_var,
    title = {Environment variable - ROS Wiki},
    url = {https://wiki.ros.org/ROS/EnvironmentVariables},
    keywords = {ros}
}

@online{techrepublic_services,
    title = {How to start, stop, and restart services in Linux - TechRepublic},
    url = {https://www.techrepublic.com/article/how-to-start-stop-and-restart-services-in-linux/},
    keywords = {linux}
}

@online{github_gazebo_ros,
    title = {Ardupilot Gazebo ROS Package - Github},
    url = {https://github.com/vincekurtz/ardupilot_gazebo},
    keywords = {simulation, ros}
}

@online{youtube_gazebo_ros,
    title = {ArduPilot Plugin for Gazebo - Youtube},
    url = {https://www.youtube.com/watch?v=orMXVby-tSI},
    keywords = {simulation, ros}
}

@online{ros_packages_for_vicon,
    title = {Which ROS package use with VICON? - ROS Answers},
    url = {https://answers.ros.org/question/329849/which-ros-package-use-with-vicon/},
    keywords = {question, ros, vicon}
}

@online{netgear_reserve_ip,
    title = {How do I reserve a LAN IP address on my Nighthawk router? - NETGEAR},
    url = {https://kb.netgear.com/24091/How-do-I-reserve-a-LAN-IP-address-on-my-Nighthawk-router},
    keywords = {network}
}

@online{ssh_ssh_copy_id,
    title = {ssh-copy-id - SSH},
    url = {https://www.ssh.com/ssh/copy-id},
    keywords = {network, linux}
}

@online{ardupilot_flight_modes,
    title = {Flight Modes - ArduCopter},
    url = {http://ardupilot.org/copter/docs/flight-modes.html},
    keywords = {ardupilot}
}

@online{ardupilot_leds,
    title = {LEDs (Pixhawk) - ArduCopter},
    url = {http://ardupilot.org/copter/docs/common-leds-pixhawk.html},
    keywords = {ardupilot}
}

@online{hackaday_cross_compiling,
    title = {Code Craft: Cross Compiling For The Raspberry Pi - Hackaday},
    url = {https://hackaday.com/2016/02/03/code-craft-cross-compiling-for-the-raspberry-pi/},
    keywords = {rpi, linux}
}

@online{ryanstutorials_bash_scripting,
    title = {Bash Scripting Tutorial - Ryans Tutorials},
    url = {https://ryanstutorials.net/bash-scripting-tutorial/},
    keywords = {linux}
}

@online{px4_vicon,
    title = {Using Vision or Motion Capture Systems for Position Estimation - PX4},
    url = {https://dev.px4.io/v1.9.0/en/ros/external_position_estimation.html},
    keywords = {px4, vicon}
}

@online{ardupilot_optitrack,
    title = {Optitrack for Non-GPS Navigation - ArduCopter},
    url = {http://ardupilot.org/copter/docs/common-optitrack.html},
    keywords = {ardupilot}
}

@online{ardupilot_vicon,
    title = {Using a Vicon indoor positioning system - ArduCopter},
    url = {http://ardupilot.org/copter/docs/common-vicon-for-nongps-navigation.html},
    keywords = {ardupilot, vicon}
}

@online{ardupilot_sitl,
    title = {Setting up SITL on Linux - ArduCopter},
    url = {http://ardupilot.org/dev/docs/setting-up-sitl-on-linux.html},
    keywords = {ardupilot}
}

@online{ros_install,
    title = {Ubuntu install of ROS Melodic - ROS},
    url = {http://wiki.ros.org/melodic/Installation/Ubuntu},
    keywords = {ros, linux}
}

@online{ardupilot_install_mavros,
    title = {Installing MAVROS - ArduPilot},
    url = {http://ardupilot.org/dev/docs/ros-install.html#installing-mavros},
    keywords = {ardupilot, ros}
}

@online{ardupilot_ros_sitl,
    title = {ROS with SITL - ArduPilot},
    url = {http://ardupilot.org/dev/docs/ros-sitl.html},
    keywords = {ardupilot, ros, simulation}
}

@online{vicon_sdk,
    title = {Vicon DataStream SDK 1.8.0 - Vicon},
    url = {https://www.vicon.com/downloads/utilities-and-sdk/datastream-sdk},
    keywords = {vicon}
}

@online{github_vicon_bridge,
    title = {vicon\_bridge - Github},
    url = {https://github.com/ethz-asl/vicon_bridge},
    keywords = {vicon, ros}
}

@online{ros_vrpn_client_ros,
    title = {vrpn\_client\_ros - ROS Wiki},
    url = {https://wiki.ros.org/vrpn_client_ros},
    keywords = {vicon, ros}
}
